<?xml version="1.0" encoding="UTF-8"?><collection xmlns="http://www.loc.gov/MARC21/slim"><record><leader>00315nam--2200109-i-4500</leader><controlfield tag="001">000026265</controlfield><controlfield tag="002">20161230</controlfield><controlfield tag="005">20161230201036</controlfield><controlfield tag="008">060222s1000------------r-----000-0-eng-d</controlfield><datafield ind1=" " ind2=" " tag="245"><subfield code="a">Instructuni pentru verificarea fiolelor gradate pentru centrifuga. ed.oficiala</subfield></datafield><datafield ind1=" " ind2=" " tag="260"><subfield code="a">Bucuresti, Ed.Tehnica, 1974. 13p</subfield></datafield><datafield ind1=" " ind2=" " tag="852"><subfield code="a">42913</subfield></datafield></record></collection>